@article{born1927_bo,
  author = {M. Born and R. Oppenheimer},
  title = {Zur Quantentheorie der Molekeln},
  journal = {Annalen der Physik},
  volume = {389},
  number = {20},
  pages = {457-484},
  doi = {10.1002/andp.19273892002},
  year = {1927},
  url = {https://onlinelibrary.wiley.com/doi/abs/10.1002/andp.19273892002},
  eprint = {https://onlinelibrary.wiley.com/doi/pdf/10.1002/andp.19273892002}
}
@article{hartree1928_hartree,
  title={The Wave Mechanics of an Atom with a Non-Coulomb Central Field. Part I. Theory and Methods},
  volume={24},
  doi={10.1017/S0305004100011919},
  number={1},
  journal={Mathematical Proceedings of the Cambridge Philosophical Society},
  publisher={Cambridge University Press},
  author={Hartree, D. R.},
  year={1928},
  pages={89–110}
}
@article{slater1928_hartree,
  title = {The Self Consistent Field and the Structure of Atoms},
  author = {Slater, J. C.},
  journal = {Phys. Rev.},
  volume = {32},
  issue = {3},
  pages = {339--348},
  numpages = {0},
  year = {1928},
  month = {Sep},
  publisher = {American Physical Society},
  doi = {10.1103/PhysRev.32.339},
  url = {https://link.aps.org/doi/10.1103/PhysRev.32.339}
}
@article{gaunt1928_hartree,
  title={A Theory of Hartree's Atomic Fields},
  volume={24},
  DOI={10.1017/S0305004100015851},
  number={2},
  journal={Mathematical Proceedings of the Cambridge Philosophical Society},
  publisher={Cambridge University Press},
  author={Gaunt, J. A.},
  year={1928},
  pages={328–342}
}
@article{slater1930_antisymmetry,
  title = {Note on Hartree's Method},
  author = {Slater, J. C.},
  journal = {Phys. Rev.},
  volume = {35},
  issue = {2},
  pages = {210--211},
  year = {1930},
  month = {Jan},
  publisher = {American Physical Society},
  doi = {10.1103/PhysRev.35.210.2},
  url = {https://link.aps.org/doi/10.1103/PhysRev.35.210.2}
}
@article{fock1930_antisymmetry,
  author="Fock, V.",
  title="âSelfconsistent field`` mit Austausch f{\"u}r Natrium",
  journal="Zeitschrift f{\"u}r Physik",
  year="1930",
  month="Nov",
  day="01",
  volume="62",
  number="11",
  pages="795--805",
  issn="0044-3328",
  doi="10.1007/BF01330439",
  url="https://doi.org/10.1007/BF01330439"
}

@article{hohenberg1964_dft,
  title = {Inhomogeneous Electron Gas},
  author = {Hohenberg, P. and Kohn, W.},
  journal = {Phys. Rev.},
  volume = {136},
  issue = {3B},
  pages = {B864--B871},
  numpages = {0},
  year = {1964},
  month = {Nov},
  publisher = {American Physical Society},
  doi = {10.1103/PhysRev.136.B864},
  url = {https://link.aps.org/doi/10.1103/PhysRev.136.B864}
}
@article{kohn1965_dft,
  title = {Self-Consistent Equations Including Exchange and Correlation Effects},
  author = {Kohn, W. and Sham, L. J.},
  journal = {Phys. Rev.},
  volume = {140},
  issue = {4A},
  pages = {A1133--A1138},
  numpages = {0},
  year = {1965},
  month = {Nov},
  publisher = {American Physical Society},
  doi = {10.1103/PhysRev.140.A1133},
  url = {https://link.aps.org/doi/10.1103/PhysRev.140.A1133}
}
% LDA
@article{ceperley1980_lda,
    title = {Ground State of the Electron Gas by a Stochastic Method},
    author = {Ceperley, D. M. and Alder, B. J.},
    journal = {Phys. Rev. Lett.},
    volume = {45},
    issue = {7},
    pages = {566--569},
    numpages = {0},
    year = {1980},
    month = {Aug},
    publisher = {American Physical Society},
    doi = {10.1103/PhysRevLett.45.566},
    url = {https://link.aps.org/doi/10.1103/PhysRevLett.45.566}
}
@article{vosko1980_lda_vwm,
    author = {Vosko, S. H. and Wilk, L. and Nusair, M.},
    title = {Accurate spin-dependent electron liquid correlation energies for local spin density calculations: a critical analysis},
    journal = {Canadian Journal of Physics},
    volume = {58},
    number = {8},
    pages = {1200-1211},
    year = {1980},
    doi = {10.1139/p80-159},
    URL = {https://doi.org/10.1139/p80-159},
    eprint = { https://doi.org/10.1139/p80-159}
}
@article{perdew1981_lda_pz,
  title = {Self-interaction correction to density-functional approximations for many-electron systems},
  author = {Perdew, J. P. and Zunger, Alex},
  journal = {Phys. Rev. B},
  volume = {23},
  issue = {10},
  pages = {5048--5079},
  numpages = {0},
  year = {1981},
  month = {May},
  publisher = {American Physical Society},
  doi = {10.1103/PhysRevB.23.5048},
  url = {https://link.aps.org/doi/10.1103/PhysRevB.23.5048}
}
@article{perdew1992_lda_pw,
  title = {Accurate and simple analytic representation of the electron-gas correlation energy},
  author = {Perdew, John P. and Wang, Yue},
  journal = {Phys. Rev. B},
  volume = {45},
  issue = {23},
  pages = {13244--13249},
  numpages = {0},
  year = {1992},
  month = {Jun},
  publisher = {American Physical Society},
  doi = {10.1103/PhysRevB.45.13244},
  url = {https://link.aps.org/doi/10.1103/PhysRevB.45.13244}
}
%%
%% GGA FUNCTIONALS
%%
@article{langreth1983_gga_1,
  title = {Beyond the local-density approximation in calculations of ground-state electronic properties},
  author = {Langreth, David C. and Mehl, M. J.},
  journal = {Phys. Rev. B},
  volume = {28},
  issue = {4},
  pages = {1809--1834},
  numpages = {0},
  year = {1983},
  month = {Aug},
  publisher = {American Physical Society},
  doi = {10.1103/PhysRevB.28.1809},
  url = {https://link.aps.org/doi/10.1103/PhysRevB.28.1809}
}
@article{becke1988_gga_2,
  title = {Density-functional exchange-energy approximation with correct asymptotic behavior},
  author = {Becke, A. D.},
  journal = {Phys. Rev. A},
  volume = {38},
  issue = {6},
  pages = {3098--3100},
  numpages = {0},
  year = {1988},
  month = {Sep},
  publisher = {American Physical Society},
  doi = {10.1103/PhysRevA.38.3098},
  url = {https://link.aps.org/doi/10.1103/PhysRevA.38.3098}
}



%% PBE
@article{perdew1996_gga_pbe,
  title = {Generalized Gradient Approximation Made Simple},
  author = {Perdew, John P. and Burke, Kieron and Ernzerhof, Matthias},
  journal = {Phys. Rev. Lett.},
  volume = {77},
  issue = {18},
  pages = {3865--3868},
  numpages = {0},
  year = {1996},
  month = {Oct},
  publisher = {American Physical Society},
  doi = {10.1103/PhysRevLett.77.3865},
  url = {https://link.aps.org/doi/10.1103/PhysRevLett.77.3865}
}

%%
%% HYBRID FUNCTIONALS
%%
@article{becke1993_b3lyp1,
  author = {Becke,Axel D. },
  title = {A new mixing of Hartree–Fock and local density‐functional theories},
  journal = {The Journal of Chemical Physics},
  volume = {98},
  number = {2},
  pages = {1372-1377},
  year = {1993},
  doi = {10.1063/1.464304},
  URL = { https://doi.org/10.1063/1.464304},
}
@article{becke1993_b3lyp2,
  author = {Becke,Axel D. },
  title = {Densityâfunctional thermochemistry. III. The role of exact exchange},
  journal = {The Journal of Chemical Physics},
  volume = {98},
  number = {7},
  pages = {5648-5652},
  year = {1993},
  doi = {10.1063/1.464913},
  URL = {https://doi.org/10.1063/1.464913},
  eprint = {https://doi.org/10.1063/1.464913}
}

@article{berendsen1984_nvt,
author = {Berendsen,H. J. C.  and Postma,J. P. M.  and van Gunsteren,W. F.  and DiNola,A.  and Haak,J. R. },
title = {Molecular dynamics with coupling to an external bath},
journal = {The Journal of Chemical Physics},
volume = {81},
number = {8},
pages = {3684-3690},
year = {1984},
doi = {10.1063/1.448118},

URL = {
        https://doi.org/10.1063/1.448118

},
eprint = {
        https://doi.org/10.1063/1.448118

}

}

@book{allen1987_md,
  title={Computer simulation of liquids},
  author={Allen, Michael P and Tildesley, Dominic J},
  year={1987},
  publisher={Oxford university press},
  address={Oxford, United Kingdom}
}
@book{haile1992_md,
  author={Haile, J. M.},
  title={Molecular dynamics simulation: Elementary Methods},
  year={1997},
  publisher={Wiley-interscience},
  address={New York, NY, USA}
  isbn={0‐471‐81966‐2}
}
@book{lesar2013_md,
  author={R. LeSar},
  title={Introduction to Computational Materials Science},
  year={2013},
  publisher={Cambridge University Press},
  address={Cambridge, United Kingdom}
}
@book{frenkel2002_md,
  author={D. Frenkel and B. Smit},
  title={Understanding Molecular Simulation: From Algorithms to Applications},
  publisher={Academic Press},
  address={San Diego, CA, USA},
  year={2002}
}
@book{tadmor2011_md,
  author={Ellad B. Tadmor and Ronald E. Miller},
  title={Modelling Materials},
  publisher = {Cambridge University Press},
  address = {Cambridge, UK}
  year = {2011}
  }

  @article{langevin1908_equation,
  author = {Lemons,Don S.  and Gythiel,Anthony },
  title = {Paul Langevin’s 1908 paper “On the Theory of Brownian Motion” [“Sur la théorie du mouvement brownien,” C. R. Acad. Sci. (Paris) 146, 530–533 (1908)]},
  journal = {American Journal of Physics},
  volume = {65},
  number = {11},
  pages = {1079-1081},
  year = {1997},
  doi = {10.1119/1.18725},

  URL = {
          https://doi.org/10.1119/1.18725

  },
  eprint = {
          https://doi.org/10.1119/1.18725

  }

  }

  @article{grest1986_langevin,
    title = {Molecular dynamics simulation for polymers in the presence of a heat bath},
    author = {Grest, Gary S. and Kremer, Kurt},
    journal = {Phys. Rev. A},
    volume = {33},
    issue = {5},
    pages = {3628--3631},
    numpages = {0},
    year = {1986},
    month = {May},
    publisher = {American Physical Society},
    doi = {10.1103/PhysRevA.33.3628},
    url = {https://link.aps.org/doi/10.1103/PhysRevA.33.3628}
  }


@book{karatzas1991_sde,
  author = {Ioannis Karatzas and Steven E. Shreve},
  title = {Brownian Motion and Stochastic Calculus},
  edition = {2nd},
  year = {1998},

}

@article{nose1984_npt_1,
  author = {Shūichi Nosé},
  title = {A molecular dynamics method for simulations in the canonical ensemble},
  journal = {Molecular Physics},
  volume = {52},
  number = {2},
  pages = {255-268},
  year  = {1984},
  publisher = {Taylor & Francis},
  doi = {10.1080/00268978400101201},

  URL = {
          https://doi.org/10.1080/00268978400101201

  },
  eprint = {
          https://doi.org/10.1080/00268978400101201

  }
} % need

@article{nose1984_npt_2,
author = {Nosé,Shuichi },
title = {A unified formulation of the constant temperature molecular dynamics methods},
journal = {The Journal of Chemical Physics},
volume = {81},
number = {1},
pages = {511-519},
year = {1984},
doi = {10.1063/1.447334},

URL = {
        https://doi.org/10.1063/1.447334

},
eprint = {
        https://doi.org/10.1063/1.447334

}

}
@article{hoover1985_npt,
  title = {Canonical dynamics: Equilibrium phase-space distributions},
  author = {Hoover, William G.},
  journal = {Phys. Rev. A},
  volume = {31},
  issue = {3},
  pages = {1695--1697},
  numpages = {0},
  year = {1985},
  month = {Mar},
  publisher = {American Physical Society},
  doi = {10.1103/PhysRevA.31.1695},
  url = {https://link.aps.org/doi/10.1103/PhysRevA.31.1695}
}
@article{shinoda2004_nosehoover,
  title = {Rapid estimation of elastic constants by molecular dynamics simulation under constant stress},
  author = {Shinoda, Wataru and Shiga, Motoyuki and Mikami, Masuhiro},
  journal = {Phys. Rev. B},
  volume = {69},
  issue = {13},
  pages = {134103},
  numpages = {8},
  year = {2004},
  month = {Apr},
  publisher = {American Physical Society},
  doi = {10.1103/PhysRevB.69.134103},
  url = {https://link.aps.org/doi/10.1103/PhysRevB.69.134103}
}
@article{parrinello1980_barostat,
  title = {Crystal Structure and Pair Potentials: A Molecular-Dynamics Study},
  author = {Parrinello, M. and Rahman, A.},
  journal = {Phys. Rev. Lett.},
  volume = {45},
  issue = {14},
  pages = {1196--1199},
  numpages = {0},
  year = {1980},
  month = {Oct},
  publisher = {American Physical Society},
  doi = {10.1103/PhysRevLett.45.1196},
  url = {https://link.aps.org/doi/10.1103/PhysRevLett.45.1196}
}

@article{parrinello1981_barostat,
  author = {Parrinello,M.  and Rahman,A. },
  title = {Polymorphic transitions in single crystals: A new molecular dynamics method},
  journal = {Journal of Applied Physics},
  volume = {52},
  number = {12},
  pages = {7182-7190},
  year = {1981},
  doi = {10.1063/1.328693},
  URL = {https://doi.org/10.1063/1.328693},
  eprint = {https://doi.org/10.1063/1.328693}
}

@article{ray1984_npt,
  author = {Ray,John R.  and Rahman,A. },
  title = {Statistical ensembles and molecular dynamics studies of anisotropic solids},
  journal = {The Journal of Chemical Physics},
  volume = {80},
  number = {9},
  pages = {4423-4428},
  year = {1984},
  doi = {10.1063/1.447221},
  URL = {https://doi.org/10.1063/1.447221},
  eprint = {https://doi.org/10.1063/1.447221}
}

@article{tuckerman2006_timeintegrator,
	doi = {10.1088/0305-4470/39/19/s18},
	url = {https://doi.org/10.1088%2F0305-4470%2F39%2F19%2Fs18},
	year = 2006,
	month = {apr},
	publisher = {{IOP} Publishing},
	volume = {39},
	number = {19},
	pages = {5629--5651},
	author = {Mark E Tuckerman and Jos{\'{e}} Alejandre and Roberto L{\'{o}}pez-Rend{\'{o}}n and Andrea L Jochim and Glenn J Martyna},
	title = {A Liouville-operator derived measure-preserving integrator for molecular dynamics simulations in the isothermal{\textendash}isobaric ensemble},
	journal = {Journal of Physics A: Mathematical and General},
	abstract = {The constant-pressure, constant-temperature (NPT) molecular dynamics approach is re-examined from the viewpoint of deriving a new measure-preserving reversible geometric integrator for the equations of motion. The underlying concepts of non-Hamiltonian phase-space analysis, measure-preserving integrators and the symplectic property for Hamiltonian systems are briefly reviewed. In addition, current measure-preserving schemes for the constant-volume, constant-temperature ensemble are also reviewed. A new geometric integrator for the NPT method is presented, is shown to preserve the correct phase-space volume element and is demonstrated to perform well in realistic examples. Finally, a multiple time-step version of the integrator is presented for treating systems with motion on several time scales.}
}
}

@incollection{hunenberger2005_thermostat,
  title={Thermostat algorithms for molecular dynamics simulations},
  author={H{\"u}nenberger, Philippe H},
  booktitle={Advanced computer simulation},
  editor= {Christian Holm and Kurt Kremer},
  pages={105--149},
  year={2005},
  publisher={Springer},
  address = {Berlin, Heidelberg},
  doi = {https://doi.org/10.1007/b99427}
  url ={https://doi.org/10.1007/b99427}
}
