@article{plimpton1995_lammps,
    title = "Fast Parallel Algorithms for Short-Range Molecular Dynamics",
    journal = "Journal of Computational Physics",
    volume = "117",
    number = "1",
    pages = "1 - 19",
    year = "1995",
    issn = "0021-9991",
    doi = "https://doi.org/10.1006/jcph.1995.1039",
    url = "http://www.sciencedirect.com/science/article/pii/S002199918571039X",
    author = "Steve Plimpton",
}

@article{gale2003_gulp,
    author = { Julian D.   Gale  and  Andrew L.   Rohl },
    title = {The General Utility Lattice Program (GULP)},
    journal = {Molecular Simulation},
    volume = {29},
    number = {5},
    pages = {291-341},
    year  = {2003},
    publisher = {Taylor \& Francis},
    doi = {10.1080/0892702031000104887},
    URL = {https://doi.org/10.1080/0892702031000104887},
}



