@article{lewis1985_buckingham,
  title={Potential models for ionic oxides},
  author={Lewis, GV and Catlow, CRA},
  journal={Journal of Physics C: Solid State Physics},
  volume={18},
  number={6},
  pages={1149},
  year={1985},
  publisher={IOP Publishing}
}

@article{henkelman2005_buckingham_MgO,
  title={MgO addimer diffusion on MgO (100): a comparison of ab initio and empirical models},
  author={Henkelman, Graeme and Uberuaga, Blas P and Harris, Duncan J and Harding, John H and Allan, Neil L},
  journal={Physical Review B},
  volume={72},
  number={11},
  pages={115437},
  year={2005},
  publisher={APS},
  doi={10.1103/PhysRevB.72.115437}
}
