% these are the fundamental papers which established kernel density estimation
@article{rosenblatt1956_kde,
    author = "Rosenblatt, Murray",
    doi = "10.1214/aoms/1177728190",
    fjournal = "The Annals of Mathematical Statistics",
    journal = "Ann. Math. Statist.",
    month = "09",
    number = "3",
    pages = "832--837",
    publisher = "The Institute of Mathematical Statistics",
    title = "Remarks on Some Nonparametric Estimates of a Density Function",
    doi = {10.1214/aoms/1177728190},
    url = "https://doi.org/10.1214/aoms/1177728190",
    volume = "27",
    year = "1956"
}
@article{parzen1962_kde,
    author = "Parzen, Emanuel",
    doi = "10.1214/aoms/1177704472",
    fjournal = "The Annals of Mathematical Statistics",
    journal = "Ann. Math. Statist.",
    month = "09",
    number = "3",
    pages = "1065--1076",
    publisher = "The Institute of Mathematical Statistics",
    title = "On Estimation of a Probability Density Function and Mode",
    url = "https://doi.org/10.1214/aoms/1177704472",
    volume = "33",
    year = "1962"
}
% Bandwidth Selection
@article{heidenreich2013_kde_bandwidth_review,
  title={Bandwidth selection for kernel density estimation: a review of fully automatic selectors},
  author={Heidenreich, Nils-Bastian and Schindler, Anja and Sperlich, Stefan},
  journal={AStA Advances in Statistical Analysis},
  volume={97},
  number={4},
  pages={403--433},
  year={2013},
  publisher={Springer}
}

@book{silverman1998_kde,
  title={Density Estimation for Statistics and Data Analysis},
  author={Silverman, Benard W.},
  publisher={Chapman \& Hall},
  address={Boca Raton, LA},
  year={1998}
}

@article{chiu1991_kde_bandwidth,
  title={Bandwidth selection for kernel density estimation},
  author={Chiu, Shean-Tsong},
  journal={The Annals of Statistics},
  pages={1883--1905},
  year={1991},
  publisher={JSTOR}
}

@book{wand1995_kde,
    title = {Kernel Smoothing},
    author = {Wand, Matt and Jones, Chris},
    publisher = {Chapman \& Hall},
    address = {Boca Raton, LA},
    year = 1995
}

@article{chiu1991_kde_bandwidth,
author = {Chiu, Shean-Tsong},
journal = {The Annals of Statistics},
pages = {1883--1905},
publisher = {JSTOR},
title = {{Bandwidth selection for kernel density estimation}},
year = {1991}
}
