@article{plimpton1995_lammps,
    title = "Fast Parallel Algorithms for Short-Range Molecular Dynamics",
    journal = "Journal of Computational Physics",
    volume = "117",
    number = "1",
    pages = "1 - 19",
    year = "1995",
    issn = "0021-9991",
    doi = "https://doi.org/10.1006/jcph.1995.1039",
    url = "http://www.sciencedirect.com/science/article/pii/S002199918571039X",
    author = "Steve Plimpton",
}

%%% particle particle mesh
@book{hockney1988_ppm,
  title = {Computer Simulation Using Particles},
  author = {Hockney, Roger W. and Eastwood, James W.},
  year ={1988},
  publisher = {Taylor \& Francis},
  address = {New York, NY}
}
