@article{stillinger1985_sw,
  title={Computer simulation of local order in condensed phases of silicon},
  author={Stillinger, Frank H and Weber, Thomas A},
  journal={Physical review B},
  volume={31},
  number={8},
  pages={5262},
  year={1985},
  publisher={APS}
}
