%FITTING DATABASE
@article{zhang2015_fittingdatabase,
  title={Database optimization for empirical interatomic potential models},
  author={Zhang, Pinchao and Trinkle, Dallas R},
  journal={Modelling and Simulation in Materials Science and Engineering},
  volume={23},
  number={6},
  pages={065011},
  year={2015},
  publisher={IOP Publishing}
}

@article{ercolessi1994_forcematching,
  title={Interatomic potentials from first-principles calculations: the force-matching method},
  author={Ercolessi, Furio and Adams, James B},
  journal={EPL (Europhysics Letters)},
  volume={26},
  number={8},
  pages={583},
  year={1994},
  publisher={IOP Publishing}
}
