@article{born1927_bo,
  author = {M. Born and R. Oppenheimer},
  title = {Zur Quantentheorie der Molekeln},
  journal = {Annalen der Physik},
  volume = {389},
  number = {20},
  pages = {457-484},
  doi = {10.1002/andp.19273892002},
  year = {1927},
  url = {https://onlinelibrary.wiley.com/doi/abs/10.1002/andp.19273892002},
  eprint = {https://onlinelibrary.wiley.com/doi/pdf/10.1002/andp.19273892002}
}
%% DFT FITTING databases
@article{payne1996_dft_database,
author = { M. C.   Payne  and  I. J.   Robertson  and  D.   Thomson  and  V.   Heine },
title = {Ab initio databases for fitting and testing interatomic potentials},
journal = {Philosophical Magazine B},
volume = {73},
number = {1},
pages = {191-199},
year  = {1996},
publisher = {Taylor & Francis},
doi = {10.1080/13642819608239124},
URL = {https://doi.org/10.1080/13642819608239124}
}
%% GENETIC ALGORITHMS
@article{konak2006_moo_ga,
  title={Multi-objective optimization using genetic algorithms: A tutorial},
  author={Konak, Abdullah and Coit, David W and Smith, Alice E},
  journal={Reliability Engineering \& System Safety},
  volume={91},
  number={9},
  pages={992--1007},
  year={2006},
  publisher={Elsevier}
}

%% Nickel EAM potentials
@article{mishin1999_eam_Ni,
  title = {Interatomic potentials for monoatomic metals from experimental data and ab initio calculations},
  author = {Mishin, Y. and Farkas, D. and Mehl, M. J. and Papaconstantopoulos, D. A.},
  journal = {Phys. Rev. B},
  volume = {59},
  issue = {5},
  pages = {3393--3407},
  numpages = {0},
  year = {1999},
  month = {Feb},
  publisher = {American Physical Society},
  doi = {10.1103/PhysRevB.59.3393},
  url = {https://link.aps.org/doi/10.1103/PhysRevB.59.3393}
}
