@article{payne1996_dft_database,
author = { M. C.   Payne  and  I. J.   Robertson  and  D.   Thomson  and  V.   Heine },
title = {Ab initio databases for fitting and testing interatomic potentials},
journal = {Philosophical Magazine B},
volume = {73},
number = {1},
pages = {191-199},
year  = {1996},
publisher = {Taylor & Francis},
doi = {10.1080/13642819608239124},
URL = {https://doi.org/10.1080/13642819608239124}
}
@article{mishin1999_eam_Ni,
  title = {Interatomic potentials for monoatomic metals from experimental data and ab initio calculations},
  author = {Mishin, Y. and Farkas, D. and Mehl, M. J. and Papaconstantopoulos, D. A.},
  journal = {Phys. Rev. B},
  volume = {59},
  issue = {5},
  pages = {3393--3407},
  numpages = {0},
  year = {1999},
  month = {Feb},
  publisher = {American Physical Society},
  doi = {10.1103/PhysRevB.59.3393},
  url = {https://link.aps.org/doi/10.1103/PhysRevB.59.3393}
}

% multi-objective optimization
@MastersThesis{karush1939_kkt,
  title={Minima of functions of several variables with inequalities as side constraints},
  author={Karush, William},
  school={University of Chicago},
  year={1939}
}
@inproceedings{kuhn1951_kkt,
address = "Berkeley, Calif.",
author = "Kuhn, H. W. and Tucker, A. W.",
booktitle = "Proceedings of the Second Berkeley Symposium on Mathematical Statistics and Probability",
pages = "481--492",
publisher = "University of California Press",
title = "Nonlinear Programming",
year = "1951"
}

@article{marler2004_moo_survey,
	author="Marler, R.T. and Arora , J.S.",
	title="Survey of multi-objective optimization methods for engineering",
	journal="Structural and Multidisciplinary Optimization",
	year="2004",
	month="Apr",
	day="01",
	volume="26",
	number="6",
	pages="369--395",
	issn="1615-1488",
	doi="10.1007/s00158-003-0368-6",
	url="https://doi.org/10.1007/s00158-003-0368-6"
}

@article{zitzler2000_moo_evolve,
  title={Comparison of multiobjective evolutionary algorithms: Empirical results},
  author={Zitzler, Eckart and Deb, Kalyanmoy and Thiele, Lothar},
  journal={Evolutionary computation},
  volume={8},
  number={2},
  pages={173--195},
  year={2000},
  publisher={MIT Press}
}

% This is the original paper on genetic algorithms
@book{holland1992_ga,
  title={Adaptation in natural and artificial systems: an introductory analysis with applications to biology, control, and artificial intelligence},
  author={Holland, John Henry},
  year={1975},
  publisher={Ann Arbor: University of Michigan Press}
}

@inproceedings{goldberg1987genetic,
  title={Genetic algorithms with sharing for multimodal function optimization},
  author={Goldberg, David E and Richardson, Jon and others},
  booktitle={Genetic algorithms and their applications: Proceedings of the Second International Conference on Genetic Algorithms},
  pages={41--49},
  year={1987},
  organization={Hillsdale, NJ: Lawrence Erlbaum}
}

@inproceedings{fonseca1993multiobjective,
  title={Multiobjective genetic algorithms},
  author={Fonseca, Carlos M and Fleming, Peter J},
  booktitle={Genetic algorithms for control systems engineering, IEE colloquium on},
  pages={6--1},
  year={1993},
  organization={IET}
}
@article{Konak2006_moo_ga,
title = "Multi-objective optimization using genetic algorithms: A tutorial",
journal = "Reliability Engineering & System Safety",
volume = "91",
number = "9",
pages = "992 - 1007",
year = "2006",
note = "Special Issue - Genetic Algorithms and Reliability",
issn = "0951-8320",
doi = "https://doi.org/10.1016/j.ress.2005.11.018",
url = "http://www.sciencedirect.com/science/article/pii/S0951832005002012",
author = "Abdullah Konak and David W. Coit and Alice E. Smith"
}
@book{deb2001_moo_ga,
  title={Multi-objective optimization using evolutionary algorithms},
  author={Deb, Kalyanmoy},
  volume={16},
  year={2001},
  publisher={John Wiley \& Sons}
}
