@article{vink2001_sw_Si,
  title = "Fitting the StillingerâWeber potential to amorphous silicon",
  journal = "J. Non-Cryst. Solids",
  fjournal = "Journal of Non-Crystalline Solids",
  volume = "282",
  number = "2",
  pages = "248 - 255",
  year = "2001",
  issn = "0022-3093",
  doi = "https://doi.org/10.1016/S0022-3093(01)00342-8",
  url = "http://www.sciencedirect.com/science/article/pii/S0022309301003428",
  author = "R.L.C. Vink and G.T. Barkema and W.F. van der Weg and Normand Mousseau",
}
@article{pizzagalli2013_sw_Si,
  doi = {10.1088/0953-8984/25/5/055801},
  url = {https://doi.org/10.1088\%2F0953-8984\%2F25\%2F5\%2F055801},
  year = 2013,
  month = {jan},
  publisher = {{IOP} Publishing},
  volume = {25},
  number = {5},
  pages = {055801},
  author = {L Pizzagalli and J Godet and J Gu{\'{e}}nol{\'{e}} and S Brochard and E Holmstrom and K Nordlund and T Albaret},
  title = {A new parametrization of the Stillinger{\textendash}Weber potential for an improved description of defects and plasticity of silicon},
  journal = {J. Phys. Condens. Matter},
  fjournal = {Journal of Physics: Condensed Matter},
}
%@inbook{akaike1998_aic,
  author="Akaike, Hirotogu",
  editor="Parzen, Emanuel and Tanabe, Kunio and Kitagawa, Genshiro",
  title="Information Theory and an Extension of the Maximum Likelihood Principle",
  bookTitle="Selected Papers of Hirotugu Akaike",
  year="1998",
  publisher="Springer New York",
  address="New York, NY",
  pages="199--213",
  doi="10.1007/978-1-4612-1694-0_15",
  url="https://doi.org/10.1007/978-1-4612-1694-0_15"
}
%@article{schwarz1978_bic,
  author = "Schwarz, Gideon",
 doi = "10.1214/aos/1176344136",
  fjournal = "The Annals of Statistics",
  journal = "Ann. Statist.",
  month = "03",
  number = "2",
  pages = "461--464",
  publisher = "The Institute of Mathematical Statistics",
  title = "Estimating the Dimension of a Model",
  url = "https://doi.org/10.1214/aos/1176344136",
  volume = "6",
  year = "1978"
}
