%% Embedding Energy Function Equation of State
@article{rose1984_eos,
  title={Universal features of the equation of state of metals},
  author={Rose, James H and Smith, John R and Guinea, Francisco and Ferrante, John},
  journal={Physical Review B},
  volume={29},
  number={6},
  pages={2963},
  year={1984},
  publisher={APS}
}
@article{foiles1986_eam_embedded_eos,
  title={Embedded-atom-method functions for the fcc metals Cu, Ag, Au, Ni, Pd, Pt, and their alloys},
  author={Foiles, SM and Baskes, MI and Daw, Murray S},
  journal={Physical review B},
  volume={33},
  number={12},
  pages={7983},
  year={1986},
  publisher={APS}
}

%% Embedded energy functions
@article{johnson1989_eam_embedded_bjs,
  title={Analytic embedded atom method model for bcc metals},
  author={Johnson, RA and Oh, DJ},
  journal={Journal of Materials Research},
  volume={4},
  number={5},
  pages={1195--1201},
  year={1989},
  publisher={Cambridge University Press},
  doi={10.1557/JMR.1989.1195}
}

@article{vitek1966_gsf,
  title={Thermally activated motion of screw dislocations in BCC metals},
  author={Vitek, V},
  journal={physica status solidi (b)},
  volume={18},
  number={2},
  pages={687--701},
  year={1966},
  publisher={Wiley Online Library}
}
@article{vitek1968_gsf,
  title={Intrinsic stacking faults in body-centred cubic crystals},
  author={Vitek, V},
  journal={Philosophical Magazine},
  volume={18},
  number={154},
  pages={773--786},
  year={1968},
  publisher={Taylor \& Francis}
}
%need
@article{sun1990_eam_esf,
  title={Dislocation Nucleation Versus Cleavage in Ni 3 AI and Ni},
  author={Sun, Yuemin and Rice, James R and Truskinovsky, Lev},
  journal={MRS Online Proceedings Library Archive},
  volume={213},
  year={1990},
  publisher={Cambridge University Press}
}
@article{sun1993_eam_esf,
  title={Estimates from atomic models of tension-shear coupling in dislocation nucleation from a crack tip},
  author={Sun, Yuemin and Beltz, Glenn E and Rice, James R},
  journal={Materials Science and Engineering: A},
  volume={170},
  number={1-2},
  pages={67--85},
  year={1993},
  publisher={Elsevier}
}
@article{farkas1997_eam_usf,
  title={Embedded atom calculations of unstable stacking fault energies and surface energies in intermetallics},
  author={Farkas, D and Zhou, SJ and Vailhe, C and Mutasa, B and Panova, J},
  journal={Journal of materials research},
  volume={12},
  number={1},
  pages={93--99},
  year={1997},
  publisher={Cambridge University Press}
}
%%% LAMMPS GENERAL STACKING FAULT THREAD
@online{spear2012_lammps_gsf,
    author = {Spear, Phillip},
    title = {LAMMPS Stacking Fault Energy},
    url = {https://icme.hpc.msstate.edu/mediawiki/index.php/LAMMPS_Stacking_Fault_Energy},
    addendum = "(accessed: 04.09.2018)"
}

%http://iopscience.iop.org/article/10.1088/0965-0393/8/2/302/pdf
@article{zimmerman2000_eam_fcc_gsf,
  title={Generalized stacking fault energies for embedded atom FCC metals},
  author={Zimmerman, Jonathan A and Gao, Huajian and Abraham, Farid F},
  journal={Modelling and Simulation in Materials Science and Engineering},
  volume={8},
  number={2},
  pages={103},
  year={2000},
  publisher={IOP Publishing}
}

% fitting set for Nickel
@article{kumar2015_NiAl_comb3,
  title={Charge optimized many-body (COMB) potential for dynamical simulation of Ni--Al phases},
  author={Kumar, Aakash and Chernatynskiy, Aleksandr and Liang, Tao and Choudhary, Kamal and Noordhoek, Mark J and Cheng, Yu-Ting and Phillpot, Simon R and Sinnott, Susan B},
  journal={Journal of Physics: Condensed Matter},
  volume={27},
  number={33},
  pages={336302},
  year={2015},
  publisher={IOP Publishing}
}
