%% an online copy for this book at
$$ https://www.brijrbedu.org/Brij%20Data/Advance%20Mechanics%20of%20Solids/Book/Theory%20of%20Elasticity%20By%20S%20Timoshenko%202%20Ed.pdf
@book{timeshenko1970_elasticity,
  author={Timoshenko, Stephen P.},
  title={Theory of Elasticity},
  edition={3rd},
  year={1970},
  publisher={McGraw-Hill},
  address={New York, USA}
}

%%% Stress tensor picture attribution
@online{wiki2009_cauchy_tensor,
  author={{Sanpaz}},
  title={Cauchy stress tensor},
  url={https://en.wikipedia.org/wiki/Cauchy_stress_tensor},
  urlseen={5-31-2019},
  year={2009},
  note={File: \ttfamily{Components_stress_tensor_cartesian.svg}}
}
