@book{rudin1987_realanalysis,
  title={Real and complex analysis},
  author={Rudin, Walter},
  year={1987},
  publisher={McGraw-Hill, Inc.}
}
@book{chung2001_probabilitytheory,
  title={A course in probability theory},
  author={Chung, Kai Lai},
  year={2001},
  publisher={Academic press}
}

@article{silverman1986_density_estimation,
  title={Density estimation for statistics and data analysis},
  author={Silverman, Bernard W},
  year={1986},
  publisher={Chapman and Hall},
  address = {London}
}
