@article{pearson1901_pca,
	Author = {Pearson, Karl},
	Date = {1901/11/01},
	Isbn = {1941-5982},
	Journal = {The London, Edinburgh, and Dublin Philosophical Magazine and Journal of Science},
	Doi = {10.1080/14786440109462720},
	Month = {11},
	Number = {11},
	Pages = {559--572},
	Publisher = {Taylor \& Francis},
	Title = {LIII. On lines and planes of closest fit to systems of points in space},
	Url = {https://doi.org/10.1080/14786440109462720},
	Volume = {2},
	Year = {1901},
}

@article{hotelling1936_pca,
	Author = {Harold Hotelling},
	Title = {Relations Between Two Sets of Variates},
	Issn = {00063444},
	Journal = {Biometrika},
	Number = {3/4},
	Pages = {321--377},
	Publisher = {[Oxford University Press, Biometrika Trust]},
	Url = {http://www.jstor.org/stable/2333955},
	doi = {10.2307/2333955},
	Volume = {28},
	Year = {1936}
}

@incollection{hotelling1947_t2,
	author = {hotelling, Howard},
	title  = {Multivariate Quality Control},
	editor = {C. Eisenhart, M. W. Hastay, and W. A. Wallis},
        booktitle  = {Techniques of Statistical Analysis},
	publisher = {McGraw-Hill},
	address = {New York, NY}
}
