@incollection{kroger1956_notation,
author = {F.A. Kr\"oger and H.J. Vink},
title = {Relations between the Concentrations of Imperfections in Crystalline Solids},
editor = {Frederick Seitz and David Turnbull},
series = {Solid State Physics},
publisher = "Academic Press",
volume = "3",
pages = "307 - 435",
year = "1956",
issn = "0081-1947",
doi = {10.1016/S0081-1947(08)60135-6},
url = {http://www.sciencedirect.com/science/article/pii/S0081194708601356}
}
@article{oliphant2007_python,
  title={Python for scientific computing},
  author={Oliphant, Travis E},
  journal={Computing in Science \& Engineering},
  volume={9},
  number={3},
  year={2007},
  publisher={IEEE}
}
@article{walt2011_numpy,
  title={The NumPy array: a structure for efficient numerical computation},
  author={Walt, St{\'e}fan van der and Colbert, S Chris and Varoquaux, Gael},
  journal={Computing in Science \& Engineering},
  volume={13},
  number={2},
  pages={22--30},
  year={2011},
  publisher={IEEE}
}
# materials Project
@article{Jain2013_materialsproject,
author = {Jain, Anubhav and Ong, Shyue Ping and Hautier, Geoffroy and Chen, Wei and Richards, William Davidson and Dacek, Stephen and Cholia, Shreyas and Gunter, Dan and Skinner, David and Ceder, Gerbrand and Persson, Kristin a.},
doi = {10.1063/1.4812323},
issn = {2166532X},
journal = {APL Materials},
number = {1},
pages = {011002},
title = {{The Materials Project: A materials genome approach to accelerating materials innovation}},
url = {https://doi.org/10.1063/1.4812323},
volume = {1},
year = {2013}
}

# materials project REST API
@article{ong2015_mapi,
	doi = {10.1016/j.commatsci.2014.10.037},
	url = {http://dx.doi.org/10.1016/j.commatsci.2014.10.037},
	year = 2015,
	month = {feb},
	publisher = {Elsevier {BV}},
	volume = {97},
	pages = {209--215},
	author = {Shyue Ping Ong and Shreyas Cholia and Anubhav Jain and Miriam Brafman and Dan Gunter and Gerbrand Ceder and Kristin A. Persson},
	title = {The Materials Application Programming Interface ({API}): A simple, flexible and efficient {API} for materials data based on {REpresentational} State Transfer ({REST}) principles},
	journal = {Computational Materials Science}
}
# materials project software tookit
@article{ong2013_pymatgen,
title = "Python Materials Genomics (pymatgen): A robust, open-source python library for materials analysis",
journal = "Computational Materials Science",
volume = "68",
pages = "314 - 319",
year = "2013",
issn = "0927-0256",
doi = "https://doi.org/10.1016/j.commatsci.2012.10.028",
url = "http://www.sciencedirect.com/science/article/pii/S0927025612006295",
author = "Shyue Ping Ong and William Davidson Richards and Anubhav Jain and Geoffroy Hautier and Michael Kocher and Shreyas Cholia and Dan Gunter and Vincent L. Chevrier and Kristin A. Persson and Gerbrand Ceder",
keywords = "Materials, Project, Design, Thermodynamics, High-throughput"
}
