@incollection{nieminen2007supercell,
  author={Nieminen, Risto M},
  title={Supercell methods for defect calculations},
  editors={Drabold, David A. and Estreicher, Stefen K.},
  booktitle={Theory of Defects in Semiconductors},
  pages={29--68},
  year={2007},
  publisher={Springer},
  chapter={2}
}
