
@article{mishin2004_eam_NiAl,
  title={Atomistic modeling of the $\gamma$ and $\gamma$â€²-phases of the Ni--Al system},
  author={Mishin, Yuri},
  journal={Acta Materialia},
  volume={52},
  number={6},
  pages={1451--1467},
  year={2004},
  publisher={Elsevier},
  doi={10.1016/j.actamat.2003.11.026}
  url={https://doi.org/10.1016/j.actamat.2003.11.026}
}

%%% The purja pun potential
%%% formalism and parameterization for the Ni phase comes from, mishin2004_eam_NiAl
@article{purjapun2009_eam_NiAl,
  author = { G.P.   Purja Pun  and  Y.   Mishin },
  title = {Development of an interatomic potential for the Ni-Al system},
  journal = {Philosophical Magazine},
  fjournal = {Philosophical Magazine},
  volume = {89},
  number = {34-36},
  pages = {3245-3267},
  year  = {2009},
  publisher = {Taylor \& Francis},
  doi = {10.1080/14786430903258184},
  url= {https://doi.org/10.1080/14786430903258184}
}


