@article{vitek1966_gsf,
  title={Thermally activated motion of screw dislocations in BCC metals},
  author={Vitek, V},
  journal={physica status solidi (b)},
  volume={18},
  number={2},
  pages={687--701},
  year={1966},
  publisher={Wiley Online Library}
}
@article{vitek1968_gsf,
  title={Intrinsic stacking faults in body-centred cubic crystals},
  author={Vitek, V},
  journal={Philosophical Magazine},
  volume={18},
  number={154},
  pages={773--786},
  year={1968},
  publisher={Taylor \& Francis}
}
%need
@article{sun1990_eam_esf,
  title={Dislocation Nucleation Versus Cleavage in Ni 3 AI and Ni},
  author={Sun, Yuemin and Rice, James R and Truskinovsky, Lev},
  journal={MRS Online Proceedings Library Archive},
  volume={213},
  year={1990},
  publisher={Cambridge University Press}
}
@article{sun1993_eam_esf,
  title={Estimates from atomic models of tension-shear coupling in dislocation nucleation from a crack tip},
  author={Sun, Yuemin and Beltz, Glenn E and Rice, James R},
  journal={Materials Science and Engineering: A},
  volume={170},
  number={1-2},
  pages={67--85},
  year={1993},
  publisher={Elsevier}
}
@article{farkas1997_eam_usf,
  title={Embedded atom calculations of unstable stacking fault energies and surface energies in intermetallics},
  author={Farkas, D and Zhou, SJ and Vailhe, C and Mutasa, B and Panova, J},
  journal={Journal of materials research},
  volume={12},
  number={1},
  pages={93--99},
  year={1997},
  publisher={Cambridge University Press}
}
%http://iopscience.iop.org/article/10.1088/0965-0393/8/2/302/pdf
@article{zimmerman2000_eam_fcc_gsf,
  title={Generalized stacking fault energies for embedded atom FCC metals},
  author={Zimmerman, Jonathan A and Gao, Huajian and Abraham, Farid F},
  journal={Modelling and Simulation in Materials Science and Engineering},
  volume={8},
  number={2},
  pages={103},
  year={2000},
  publisher={IOP Publishing}
}
