@article{stillinger1985_sw,
  title={Computer simulation of local order in condensed phases of silicon},
  author={Stillinger, Frank H and Weber, Thomas A},
  journal={Physical review B},
  volume={31},
  number={8},
  pages={5262},
  year={1985},
  publisher={APS}
}

@article{pizzagalli2013_sw,
  title={A new parametrization of the Stillinger--Weber potential for an improved description of defects and plasticity of silicon},
  author={Pizzagalli, L and Godet, J and Gu{\'e}nol{\'e}, J and Brochard, S and Holmstrom, E and Nordlund, K and Albaret, T},
  journal={Journal of Physics: Condensed Matter},
  volume={25},
  number={5},
  pages={055801},
  year={2013},
  publisher={IOP Publishing}
}

@article{vink2001_sw,
  title={Fitting the Stillinger--Weber potential to amorphous silicon},
  author={Vink, RLC and Barkema, GT and Van der Weg, WF and Mousseau, Normand},
  journal={Journal of non-crystalline solids},
  volume={282},
  number={2-3},
  pages={248--255},
  year={2001},
  publisher={Elsevier}
}
