@article{kullback1951_kld,
	author = "Kullback, S. and Leibler, R. A.",
	doi = "10.1214/aoms/1177729694",
	fjournal = "The Annals of Mathematical Statistics",
	journal = "Ann. Math. Statist.",
	month = "03",
	number = "1",
	pages = "79--86",
	publisher = "The Institute of Mathematical Statistics",
	title = "On Information and Sufficiency",
	url = "https://doi.org/10.1214/aoms/1177729694",
	volume = "22",
	year = "1951"
}

% potential development software
