@article{konak2006_moo_ga,
  title={Multi-objective optimization using genetic algorithms: A tutorial},
  author={Konak, Abdullah and Coit, David W and Smith, Alice E},
  journal={Reliability Engineering \& System Safety},
  volume={91},
  number={9},
  pages={992--1007},
  year={2006},
  publisher={Elsevier}
}
